<?xml version="1.0" encoding="UTF-8"?><record xmlns="http://www.loc.gov/MARC21/slim" xmlns:cinclude="http://apache.org/cocoon/include/1.0" xmlns:zs="http://www.loc.gov/zing/srw/">
  <leader>00389nz  a2200133n  4500</leader>
  <controlfield tag="001">no2006074764</controlfield>
  <controlfield tag="003">DLC</controlfield>
  <controlfield tag="005">20060720051852.0</controlfield>
  <controlfield tag="008">060719n| acannaabn          |n aaa     c</controlfield>
  <datafield tag="010" ind1=" " ind2=" ">
    <subfield code="a">no2006074764</subfield>
  </datafield>
  <datafield tag="035" ind1=" " ind2=" ">
    <subfield code="a">(OCoLC)oca06999240</subfield>
  </datafield>
  <datafield tag="040" ind1=" " ind2=" ">
    <subfield code="a">IEN-Mu</subfield>
    <subfield code="b">eng</subfield>
    <subfield code="c">IEN-Mu</subfield>
  </datafield>
  <datafield tag="100" ind1="1" ind2=" ">
    <subfield code="a">Chanel, Christian</subfield>
  </datafield>
  <datafield tag="670" ind1=" " ind2=" ">
    <subfield code="a">Chamisso, O.M. de. La guitare globe-trotter [SR] p2005:</subfield>
    <subfield code="b">label (Christian Chanel, guitar)</subfield>
  </datafield>
</record>